


@book{reiff,
	title={Fundamentals of Statistical and Thermal Physics},
	author={Frederick Reif}
}
